@article{kao2012computational,
  title={A Computational Analysis of Style, Affect, and Imagery in Contemporary Poetry},
  author={Kao, Justine and Jurafsky, Dan},
  journal={NAACL-HLT 2012},
  pages={8},
  year={2012}
}


@article{Lasersohn05,
	Author = {Lasersohn, Peter},
	Journal = {Linguistics and Philosophy},
	Number = {6},
	Pages = {643--686},
	Title = {Context Dependence, Disagreement, and Predicates of Personal Taste},
	Volume = {28},
	Year = {2005}}


@article{eliot1920hamlets,
  title={Hamlets and His Problems},
  author={Eliot, TS},
  year={1920}
}